%% This BibTeX bibliography file was created using BibDesk.
%% http://bibdesk.sourceforge.net/


%% Created for George at 2014-08-10 13:31:59 +0200 


%% Saved with string encoding Unicode (UTF-8) 



@article{Reber:1967,
	Author = {Reber, A. S.},
	Date-Added = {2014-08-10 11:31:58 +0000},
	Date-Modified = {2014-08-10 11:31:58 +0000},
	Journal = {Verbal Learning and Verbal Behavior},
	Number = {6},
	Pages = {855--863},
	Title = {Implicit learning of artificial grammars},
	Volume = {5},
	Year = {1967}}

@incollection{OReilly:2013,
	Address = {Oxford},
	Author = {O'Reilly, R. C. and Hazy, T. E. and Herd, S. A.},
	Booktitle = {Oxford Handbook of Cognitive Science},
	Date-Added = {2014-02-08 23:40:22 +0000},
	Date-Modified = {2014-05-01 22:24:21 +0000},
	Editor = {S. Chipman},
	Publisher = {Oxford Uni. Press},
	Title = {The Leabra cognitive architecture: How to play 20 questions with nature and win!},
	Year = {in press}}

@inbook{Soechting:1996,
	Author = {Soechting, J. F. and Gordon, A. M. and Engel, K. C.},
	Booktitle = {The acquisition of motor behavior in vertebrates},
	Date-Added = {2014-02-07 23:49:15 +0000},
	Date-Modified = {2014-02-08 00:13:19 +0000},
	Editor = {Bloedel, J. R. and Ebner, T. J. and Wise, S. P.},
	Publisher = {MIT Press},
	Title = {Sequential Hand and Finger Movements: Typing and Piano Playing},
	Year = {1996}}

@article{Fendrick:1937,
	Annote = {scrambled sentences are typed as quickly as intact ones, but scrambled words (or random letter strings) are much slower than intact words},
	Author = {Fendrick, P.},
	Date-Added = {2014-02-07 23:07:14 +0000},
	Date-Modified = {2014-02-08 01:01:18 +0000},
	Journal = {Journal of Educational Psychology},
	Number = {609--620},
	Title = {Hierarchical skills in typewriting},
	Volume = {28},
	Year = {1937}}

@article{Kachergis:submitpt,
	Author = {Kachergis, G. and Wyatt, D. and O'Reilly, R. C. and de Kleijn, R. and Hommel, B.},
	Date-Added = {2014-02-07 22:38:42 +0000},
	Date-Modified = {2014-02-07 22:39:54 +0000},
	Title = {A continuous time neural model for sequential action},
	Year = {submitted}}

@article{Botvinick:2002,
	Author = {Botvinick, M. and Plaut, D. C.},
	Date-Added = {2014-02-07 22:38:32 +0000},
	Date-Modified = {2014-02-07 22:38:32 +0000},
	Journal = {Psychological Research},
	Pages = {298--311},
	Title = {Representing task context: proposals based on a connectionist model of action.},
	Volume = {66},
	Year = {2002}}

@article{Botvinick:2004,
	Author = {Botvinick, M. and Plaut, D. C.},
	Date-Added = {2014-02-07 22:38:26 +0000},
	Date-Modified = {2014-02-07 22:38:26 +0000},
	Journal = {Psychological Review},
	Pages = {395--429},
	Title = {Doing without schema hierarchies: A recurrent connectionist approach to routine sequential action and its pathologies},
	Volume = {111},
	Year = {2004}}

@article{Willingham:1989,
	Annote = {http://act-r.psy.cmu.edu/wordpress/wp-content/themes/ACT-R/workshops/1998/Lebiere3/base.011.html

- generation task (like ours, more or less)
Of 60 Ss, 19 had no explicit knowledge (fewer than 4 consecutive positions reported)
29 had some explicit knowledge (4-9 positions reported)
12 could report the entire sequence

RTs <100ms were considered anticipatory (Q: did only the ones who could report the sequence show anticipation?)},
	Author = {Willingham, D. B. and Nissen, M. J. and Bullemer, P.},
	Date-Added = {2014-02-07 22:20:27 +0000},
	Date-Modified = {2014-02-07 22:24:10 +0000},
	Journal = {Journal of Experimental Psychology: Learning, Memory, and Cognition},
	Number = {6},
	Pages = {1047--1060},
	Title = {On the development of procedural knowledge},
	Volume = {15},
	Year = {1989}}

@article{Gentner:1988,
	Author = {Gentner, D. R. and LaRochelle, S. and Grudin, J.},
	Date-Added = {2014-02-07 22:16:49 +0000},
	Date-Modified = {2014-02-07 22:18:49 +0000},
	Journal = {Cognitive Psychology},
	Number = {4},
	Pages = {524--548},
	Title = {Lexical, sublexical, and peripheral effects in skilled typewriting},
	Volume = {20},
	Year = {1988}}

@article{Kachergis:submitted,
	Author = {Kachergis, G. and Berends, F. and de Kleijn, R. and Hommel, B.},
	Date-Added = {2014-02-07 18:39:03 +0000},
	Date-Modified = {2014-04-29 20:48:19 +0000},
	Journal = {ICDL-EpiRob},
	Title = {Reward Effects on Sequential Action Learning in a Trajectory Serial Reaction Time Task},
	Year = {submitted}}

@article{Rosenbaum:2007,
	Author = {Rosenbaum, D. A. and Cohen, R. G. and Jax, S. A. and Van Der Wel, R. and Weiss, D. J.},
	Date-Added = {2014-02-07 18:17:08 +0000},
	Date-Modified = {2014-02-07 18:17:08 +0000},
	Journal = {Human Movement Science},
	Pages = {525--554},
	Title = {The problem of serial order in behavior: Lashley's legacy},
	Volume = {26},
	Year = {2007}}

@book{James:1890,
	Address = {New York},
	Author = {James, W.},
	Date-Added = {2014-02-07 18:14:33 +0000},
	Date-Modified = {2014-02-07 18:14:33 +0000},
	Publisher = {Henry Holt},
	Title = {The Principles of Psychology},
	Year = {1890}}

@article{Hommel:2001,
	Author = {Hommel, B and M\"usseler, J and Aschersleben, G and Prinz, W},
	Date-Added = {2014-02-07 18:14:19 +0000},
	Date-Modified = {2014-02-07 18:14:19 +0000},
	Journal = {Behavioral and Brain Sciences},
	Pages = {849--937},
	Title = {The theory of event coding (TEC): A framework for perception and action planning},
	Volume = {24},
	Year = {2001}}

@article{Elsner:2001,
	Author = {Elsner, B. and Hommel, B.},
	Date-Added = {2014-02-07 18:13:59 +0000},
	Date-Modified = {2014-02-07 18:13:59 +0000},
	Journal = {Journal of Experimental Psychology: Human Perception and Performance},
	Pages = {229--240},
	Title = {Effect anticipation and action control},
	Volume = {27},
	Year = {2001}}

@article{Eder:2013,
	Author = {Eder, A. B. and Hommel, B.},
	Date-Added = {2014-02-07 18:13:48 +0000},
	Date-Modified = {2014-02-07 18:13:48 +0000},
	Journal = {Emotion Review},
	Title = {Anticipatory control of approach and avoidance: An ideomotor approach},
	Year = {2013}}

@incollection{Donders:1868,
	Author = {Donders, F. C.},
	Booktitle = {Attention and Performance II},
	Date-Added = {2014-02-07 18:13:40 +0000},
	Date-Modified = {2014-02-07 18:13:40 +0000},
	Editor = {Koster, W. G.},
	Pages = {412-431},
	Title = {On the speed of mental processes},
	Year = {1868}}

@article{Hommel:2009,
	Author = {Hommel, B},
	Date-Added = {2014-02-07 18:12:51 +0000},
	Date-Modified = {2014-02-07 18:12:51 +0000},
	Journal = {Psychological Research},
	Pages = {512--526},
	Title = {Action control according to TEC (theory of event coding)},
	Volume = {73},
	Year = {2009}}

@incollection{Lashley:1951,
	Address = {New York},
	Author = {K. S. Lashley},
	Booktitle = {Cerebral mechanisms in behavior},
	Date-Added = {2014-02-07 18:12:44 +0000},
	Date-Modified = {2014-02-07 18:12:44 +0000},
	Editor = {L. A. Jeffress},
	Pages = {112--136},
	Publisher = {Wiley},
	Title = {The problem of serial order in behavior},
	Year = {1951}}

@article{Dennis:2006,
	Author = {Dennis, N. A. and Howard, J. H. and Howard, D. V.},
	Date-Added = {2014-01-30 17:18:42 +0000},
	Date-Modified = {2014-01-30 17:19:53 +0000},
	Journal = {Experimental Brain Research},
	Number = {1},
	Pages = {153--164},
	Title = {Implicit sequence learning without motor sequencing in young and old adults},
	Volume = {175},
	Year = {2006}}

@article{Cleeremans:1991,
	Author = {A. Cleeremans and J. L. McClelland},
	Date-Added = {2014-01-18 09:39:14 +0000},
	Date-Modified = {2014-04-29 18:36:30 +0000},
	Journal = {Journal of Experimental Psychology: General},
	Pages = {235--253},
	Title = {Learning the Structure of Event Sequences},
	Volume = 120,
	Year = 1991}

@article{Jimenez:2009,
	Author = {L. Jimenez and J. Lupianez and J. M. M. Vaquero},
	Date-Added = {2014-01-18 09:39:14 +0000},
	Date-Modified = {2014-01-18 09:40:32 +0000},
	Journal = {Consciousness and Cognition},
	Pages = {690--700},
	Title = {Sequential congruency effects in implicit sequence learning},
	Volume = 18,
	Year = 2009}

@inproceedings{Lee:1997,
	Adress = {Hillsdale,NJ},
	Author = {Y. S. Lee},
	Booktitle = {Proceedings of the Nineteenth Annual Conference of the Cognitive Science Society},
	Date-Added = {2014-01-18 09:39:14 +0000},
	Date-Modified = {2014-01-18 09:40:12 +0000},
	Pages = {119-124},
	Publisher = {Lawrence Erlbaum Associates},
	Title = {Learning and Awareness in the Serial Reaction Time Task},
	Year = 1997}

@article{Stadler:1992,
	Author = {M. A. Stadler},
	Date-Added = {2014-01-18 09:39:14 +0000},
	Date-Modified = {2014-05-01 22:30:56 +0000},
	Journal = {Journal of Experimental Psych.},
	Pages = {318--327},
	Title = {Statistical Structure and Implicit Serial Learning},
	Volume = 18,
	Year = 1992}

@article{Spivey:2006,
	Author = {Spivey, M. J. and Dale, R.},
	Date-Added = {2014-01-14 05:37:39 +0000},
	Date-Modified = {2014-01-14 05:38:31 +0000},
	Journal = {Current Directions in Psychological Science},
	Number = {5},
	Pages = {207--211},
	Title = {Continuous dynamics in real-time cognition},
	Volume = {15},
	Year = {2006}}

@article{Fiser:2002,
	Author = {Fiser, J. and Aslin, R. N.},
	Date-Added = {2014-01-14 05:36:11 +0000},
	Date-Modified = {2014-01-14 05:37:18 +0000},
	Journal = {Learning, Memory, and Cognition},
	Number = {3},
	Pages = {458--467},
	Title = {Statistical learning of higher-order temporal structure from visual shape sequences},
	Volume = {28},
	Year = {2002}}

@article{Hunt:2001,
	Author = {Hunt, R. H. and Aslin, R. N.},
	Date-Added = {2014-01-14 05:34:07 +0000},
	Date-Modified = {2014-01-14 05:35:23 +0000},
	Journal = {Journal of Experimental Psychology: General},
	Number = {4},
	Pages = {658--680},
	Title = {Statistical learning in a serial reaction time task: Access to separable statistical cues by individual learners},
	Volume = {130},
	Year = {2001}}

@article{Perruchet:2006,
	Author = {Perruchet, P. and Pacton, S.},
	Date-Added = {2014-01-14 05:31:57 +0000},
	Date-Modified = {2014-01-14 05:33:40 +0000},
	Journal = {Trends in Cognitive Sciences},
	Number = {5},
	Pages = {233--238},
	Title = {Implicit learning and statistical learning: One phenomenon, two approaches},
	Volume = {10},
	Year = {2006}}

@article{Yu:2007,
	Author = {Yu, C and Smith, L},
	Date-Added = {2014-01-14 05:30:39 +0000},
	Date-Modified = {2014-01-14 05:30:39 +0000},
	Journal = {Psychological Science},
	Pages = {414--420},
	Title = {{Rapid word learning under uncertainty via cross-situational statistics}},
	Volume = {18},
	Year = {2007}}

@article{Saffran:1996,
	Author = {Saffran, J and Newport, E and Aslin, R},
	Date-Added = {2014-01-14 05:30:06 +0000},
	Date-Modified = {2014-01-18 12:30:44 +0000},
	Journal = {Journal of Memory and Language},
	Title = {{Word Segmentation: The Role of Distributional Cues}},
	Year = {1996}}

@article{Aslin:1998,
	Author = {Aslin, R and Saffran, J and Newport, E},
	Date-Added = {2014-01-14 05:29:36 +0000},
	Date-Modified = {2014-01-14 05:29:36 +0000},
	Journal = {Psychological Science},
	Month = jun,
	Pages = {1--4},
	Title = {{Computation of conditional probability statistics by 8-month-old infants}},
	Year = {1998}}

@article{Boyer:2005,
	Author = {Boyer, M. and Destrebecqz, A. and Cleeremans, A.},
	Date-Added = {2014-01-14 05:25:09 +0000},
	Date-Modified = {2014-01-14 05:26:39 +0000},
	Journal = {Psychological Research},
	Pages = {383--398},
	Title = {Processing abstract sequence structure: Learning without knowing, or knowing without learning?},
	Volume = {69},
	Year = {2005}}

@article{Fu:2008,
	Author = {Fu, Q. and Fu, X. and Dienes, Z.},
	Date-Added = {2014-01-14 05:23:51 +0000},
	Date-Modified = {2014-01-14 05:24:48 +0000},
	Journal = {Consciousness and Cognition},
	Pages = {185--202},
	Title = {Implicit sequence learning and conscious awareness},
	Volume = {17},
	Year = {2008}}

@article{Destrebecqz:2001,
	Author = {Destrebecqz, A. and Cleeremans, A.},
	Date-Added = {2014-01-14 05:20:22 +0000},
	Date-Modified = {2014-01-14 05:21:26 +0000},
	Journal = {Psychonomic Bulletin and Review},
	Pages = {343--350},
	Title = {Can sequence learning be implicit?},
	Volume = {8},
	Year = {2001}}

@article{Nissen:1987,
	Author = {Nissen, M. J. and Bullemer, P.},
	Date-Added = {2014-01-14 03:36:14 +0000},
	Date-Modified = {2014-01-14 05:21:42 +0000},
	Journal = {Cognitive Psychology},
	Pages = {1--32},
	Title = {Attentional requirements of learning: evidence from performance measures},
	Volume = {19},
	Year = {1987}}

@inproceedings{Kievit-Kylar:2013,
	Author = {B. Kievit-Kylar and G. Kachergis and M. N. Jones},
	Booktitle = {Proceedings of the 35th Annual Conference of the Cognitive Science Society},
	Date-Added = {2013-05-24 13:22:43 +0000},
	Date-Modified = {2013-05-24 13:23:28 +0000},
	Title = {Naturalistic Word-Concept Pair Learning With Semantic Spaces},
	Year = {2013}}

@inproceedings{Kachergis:2013rm,
	Author = {G. Kachergis and G. E. Cox and R. M. Shiffrin},
	Booktitle = {Proceedings of the 35th Annual Conference of the Cognitive Science Society.},
	Date-Added = {2013-05-24 13:20:54 +0000},
	Date-Modified = {2013-05-24 13:25:52 +0000},
	Title = {The Effects of Repeated Sequential Context on Recognition Memory},
	Year = {2013}}

@inproceedings{Hendrickson:2012,
	Address = {Austin, TX},
	Author = {A. T. Hendrickson and G. Kachergis and C. Fausey and R. L. Goldstone},
	Booktitle = {Proceedings of the 34th Annual Conference of the Cognitive Science Society},
	Date-Added = {2013-05-24 12:23:05 +0000},
	Date-Modified = {2013-05-24 12:24:18 +0000},
	Editor = {N. Miyake and D. Peebles and R. P. Cooper},
	Pages = {1668--1673},
	Publisher = {Cognitive Science Society},
	Title = {Re-learning Labeled Categories Reveals Structured Representations},
	Year = {2012}}

@inproceedings{Cox:2012,
	Address = {Austin, TX},
	Author = {G. E. Cox and G. Kachergis and R. M. Shiffrin},
	Booktitle = {Proceedings of the 34th Annual Conference of the Cognitive Science Society},
	Date-Added = {2013-05-24 12:21:41 +0000},
	Date-Modified = {2013-05-24 12:23:02 +0000},
	Editor = {N. Miyake and D. Peebles and R. P. Cooper},
	Pages = {1440--1445},
	Publisher = {Cognitive Science Society},
	Title = {Gaussian Process Regression for Trajectory Analysis},
	Year = {2012}}

@inproceedings{Kachergis:2011g,
	Author = {G. Kachergis and G. Recchia and R. M. Shiffrin},
	Booktitle = {Proceedings of the 33rd Annual Conference of the Cognitive Science Society},
	Date-Added = {2013-05-24 12:17:04 +0000},
	Date-Modified = {2013-05-24 12:18:14 +0000},
	Editor = {L. Carlson and C. H{\"o}lscher and T. Shipley},
	Pages = {819--824},
	Title = {Adaptive Magnitude and Valence Biases in a Dynamic Memory Task},
	Year = {2011}}

@inproceedings{Kachergis:2012hyp,
	Author = {Kachergis, G and Yu, C and Shiffrin, R M},
	Booktitle = {IEEE Conference on Development and Learning-EpiRob 2012},
	Date-Added = {2012-11-08 17:10:23 +0000},
	Date-Modified = {2012-11-08 17:11:16 +0000},
	Title = {Cross-situational Word Learning is Better Modeled by Associations than Hypotheses},
	Year = {2012}}

@inproceedings{Kachergis:2009vu,
	Address = {Austin, TX},
	Author = {Kachergis, G and Yu, C and Shiffrin, R M},
	Booktitle = {Proceedings of the 31st Annual Meeting of the Cognitive Science Society},
	Date-Modified = {2012-09-27 20:58:30 +0000},
	Editor = {N. A. Taatgen and H. van Rijn},
	Pages = {2220-2225},
	Publisher = {Cognitive Science Society},
	Title = {Frequency and contextual diversity effects in cross-situational word learning},
	Year = {2009}}

@article{Kachergis:2012gi,
	Author = {Kachergis, George and Yu, Chen and Shiffrin, Richard M},
	Date-Modified = {2012-11-04 13:17:04 +0000},
	Journal = {Psychonomic Bulletin and Review},
	Number = {2},
	Pages = {317--324},
	Title = {An associative model of adaptive inference for learning word--referent mappings},
	Volume = {19},
	Year = {2012}}

@inproceedings{Kachergis:2010im,
	Address = {Austin, TX},
	Author = {Kachergis, G and Yu, C and Shiffrin, R M},
	Booktitle = {Proceedings of the 32nd Annual Conference of the Cognitive Science Society},
	Date-Modified = {2012-11-04 13:26:50 +0000},
	Editor = {S. Ohlsson and R. Catrambone},
	Pages = {2362--2367},
	Publisher = {Cognitive Science Society},
	Title = {Cross-Situational Statistical Learning: Implicit or Intentional?},
	Year = {2010}}

@inproceedings{Kachergis:2009tc,
	Address = {Austin, TX},
	Author = {Kachergis, G and Yu, C and Shiffrin, R},
	Booktitle = {Proceedings of the 31st Annual Meeting of the Cognitive Science Society},
	Date-Modified = {2012-10-03 23:47:18 +0000},
	Editor = {N.A. Taatgen and H. van Rijn},
	Journal = {Proceedings of the 31st Annual Conference of the Cognitive Science Society},
	Pages = {1704-1709},
	Publisher = {Cognitive Science Society},
	Title = {Temporal contiguity in cross-situational statistical learning},
	Year = {2009}}

@inproceedings{Kachergis:2010wg,
	Address = {Austin, TX},
	Author = {Kachergis, G and Yu, C and Shiffrin, R M},
	Booktitle = {Proceedings of the 32nd Annual Conference of the Cognitive Science Society},
	Date-Modified = {2012-09-27 20:54:54 +0000},
	Editor = {S. Ohlsson and R. Catrambone},
	Pages = {2464-2469},
	Publisher = {Cognitive Science Society},
	Title = {Adaptive constraints and inference in cross-situational word learning},
	Year = {2010}}

@inproceedings{Kachergis:2012vc,
	Address = {Austin, TX},
	Author = {Kachergis, G},
	Booktitle = {Proceedings of the 34th Annual Conference of the Cognitive Science Society},
	Date-Modified = {2012-09-27 20:52:21 +0000},
	Editor = {N. Miyake and D. Peebles and R. P. Cooper},
	Pages = {533-538},
	Publisher = {Cognitive Science Society},
	Title = {Learning Nouns with Domain-General Associative Learning Mechanisms},
	Year = {2012}}

@inproceedings{DuranDale:2009,
	Author = {Duran, N. D and Dale, R.},
	Booktitle = {Proc. of the 31st Annual Conference of the Cognitive Science Society},
	Date-Modified = {2014-05-01 22:31:37 +0000},
	Title = {Predictive arm placement in the statistical learning of position sequence},
	Year = {2009}}
